<?xml version="1.0" encoding="UTF-8"?><record xmlns="http://www.loc.gov/MARC21/slim" xmlns:cinclude="http://apache.org/cocoon/include/1.0" xmlns:zs="http://www.loc.gov/zing/srw/">
  <leader>00408nz  a2200133n  4500</leader>
  <controlfield tag="001">n  89265412 </controlfield>
  <controlfield tag="003">DLC</controlfield>
  <controlfield tag="005">19960723052453.4</controlfield>
  <controlfield tag="008">960618n| acannaab|          |n aaa      </controlfield>
  <datafield tag="010" ind1=" " ind2=" ">
    <subfield code="a">n  89265412 </subfield>
  </datafield>
  <datafield tag="040" ind1=" " ind2=" ">
    <subfield code="a">DLC</subfield>
    <subfield code="c">DLC</subfield>
  </datafield>
  <datafield tag="100" ind1="1" ind2="0">
    <subfield code="a">Pinhey, A. F.</subfield>
  </datafield>
  <datafield tag="670" ind1=" " ind2=" ">
    <subfield code="a">History of Mewar, 1996:</subfield>
    <subfield code="b">t.p. (Lt. Col. A.F. Pinhey, C.I.E., resident in Mewar, 1900-1906)</subfield>
  </datafield>
  <datafield tag="670" ind1=" " ind2=" ">
    <subfield code="a">New Delhi MARC file, 6/12/96</subfield>
    <subfield code="b">(hdg.: Pinhey, A. F.)</subfield>
  </datafield>
</record>